<?xml version="1.0" encoding="UTF-8"?><collection><record><leader>09001ntm a2200577 a 4500</leader><controlfield tag="001">006805272</controlfield><controlfield tag="003">MiAaHDL</controlfield><controlfield tag="005">20190719000000.0</controlfield><controlfield tag="006">m        d        </controlfield><controlfield tag="007">cr bn ---auaua</controlfield><controlfield tag="008">090530q16601690ua            00| ||ara d</controlfield><datafield tag="035" ind1=" " ind2=" "><subfield code="a">(MiU)006805272</subfield></datafield><datafield tag="035" ind1=" " ind2=" "><subfield code="a">sdr-miu006805272</subfield></datafield><datafield tag="040" ind1=" " ind2=" "><subfield code="a">MiU</subfield><subfield code="c">MiU</subfield><subfield code="e">amremm</subfield></datafield><datafield tag="043" ind1=" " ind2=" "><subfield code="a">n-us-mi</subfield></datafield><datafield tag="100" ind1="1" ind2=" "><subfield code="6">880-01</subfield><subfield code="a">Shaʻrānī, ʻAbd al-Wahhāb ibn Aḥmad,</subfield><subfield code="d">approximately 1493-1565 or 1566.</subfield></datafield><datafield tag="240" ind1="1" ind2="0"><subfield code="6">880-02</subfield><subfield code="a">Mīzān al-kubrá</subfield></datafield><datafield tag="245" ind1="1" ind2="0"><subfield code="6">880-03</subfield><subfield code="a">Kitāb Mīzān al-sharīʻah,</subfield><subfield code="f">[late 17th century?].</subfield></datafield><datafield tag="246" ind1="3" ind2=" "><subfield code="i">Title from inscription on 'title page' (now obscured):</subfield><subfield code="a">كتاب الميزان الشعرانية</subfield></datafield><datafield tag="246" ind1="3" ind2=" "><subfield code="i">Edge title (tail):</subfield><subfield code="a">الميزان للامام الشعراني قدس سره</subfield></datafield><datafield tag="260" ind1=" " ind2=" "><subfield code="a">[Egypt?,</subfield><subfield code="c">1660-1690?].</subfield></datafield><datafield tag="300" ind1=" " ind2=" "><subfield code="a">373 leaves :</subfield><subfield code="b">paper ;</subfield><subfield code="c">290 x 185 (181 x 97) mm.</subfield></datafield><datafield tag="500" ind1=" " ind2=" "><subfield code="a">Shelfmark: Ann Arbor, University of Michigan, Special Collections Library, Isl. Ms. 586</subfield></datafield><datafield tag="500" ind1=" " ind2=" "><subfield code="a">Origin: As appears in colophon on p.845, composition completed 30 Ramaḍān 966 [ca. 6 July 1559]. Date of transcription not specified, though paper, hand, etc. suggest late 17th century. Shahādah statement provides a terminus ante quem of 1779.</subfield></datafield><datafield tag="500" ind1=" " ind2=" "><subfield code="a">Accompanying materials: a. Two acquisitions slips from Yahuda -- b. Inventory cataloguing slip in hand of Winifred Smeaton Thomas -- c. Slips of a page torn from a printed book.</subfield></datafield><datafield tag="500" ind1=" " ind2=" "><subfield code="a">Former shelfmark: From interior of upper cover and spine label, "IL 380" (likely supplied by Yahuda, see acquisitions slip).</subfield></datafield><datafield tag="500" ind1=" " ind2=" "><subfield code="a">Binding: Pasteboards covered in two different brown leathers (one lighter in shade than the other) with spine now covered in red leather ; Type II binding (once with flap, now lost) ; upper board lining in beige laid paper ; lower board lining in yellow-tinted laid paper ; upper cover carries blind-stamped scalloped mandorla (filled with symmetrical vegetal composition) and pendants, along with tooled border (a series of s-shaped stamps flanked by rules) ; lower cover carries blind-stamped scalloped mandorla (filled with vegetal composition, compare Déroche class. OSh) ; sewn in cream thread, two stations ; worked chevron endbands in cream and red, fairly good condition ; overall in quite poor condition with flap lost, much abrasion and staining, delamination of lower board, pest damage, etc. ; composite cover (i.e. covers mismatched, upper cover perhaps recycled / reused), somewhat ill-fitting this manuscript with repairs in various leathers (some now damaged).</subfield></datafield><datafield tag="500" ind1=" " ind2=" "><subfield code="a">Support: European laid paper of several types ; opening type with 11 laid lines per cm. (horizontal), chain lines spaced 32-33 mm. apart (vertical), three circles topped by stylized crown watermark ("A" in middle circle, "D" in bottom, see p.4), triple mount countermark (see p.8), thin and crisp though sturdy, fairly transluscent, well-sized and burnished to glossy ; another type with 9 laid lines per cm. (horizontal), chain lines spaced 21-23 mm. apart (vertical), three circles with cross above watermark ("IB" in center circle, crescent in top circle, see p.74) ; another type, beige to light brown in color with 7 laid lines per cm. (horizontal), chain lines spaced 35 mm. apart (barely visible, vertical), large crown-star-crescent watermark (120 mm. tall, see p.92), quite cloudy, floccular formation with knots and inclusions ; type with another crown-star-crescent watermark (82 mm. tall, see p.100), 9 laid lines per cm. (horizontal), chain lines spaced 21 mm. apart (vertical) ; other types with crown atop three circles watermark (see p.122), scrollwork or coat of arms watermark (p.160), circles topped by cross flanked by lions watermark (see p.222) and three crescents watermark (see p.240) ; significant ink burn in written area of opening quires (some to break through with losses) ; minor pest damage.</subfield></datafield><datafield tag="500" ind1=" " ind2=" "><subfield code="a">Decoration: Illuminated headpiece (ʻunwān) at opening on p.2 consisting of rectangular piece with empty gold cartouche flanked by vegetal accents (in gold on once light-blue ground), surmounted by scalloped semi-circular piece (dome) with floral chains in gold, outlined in black with red and light-blue accents on fields of gold and light-blue along with green, red and blank central element, all surmounted by vertical stalks (tīgh) and set in a well of red and gold bands ; title piece now obscured by leaf affixed to original 'title page' ; written area of incipit and facing page surrounded by a frame consisting of a narrow gold band flanked by black fillets, elsewhere written area surrounded by red-rule border ; keywords rubricated ; textual dividers in the form of three inverted commas (in red) ; illustrated with several diagrams (see pp.61, 62, 63, 64, 65, 66, 67) mainly in mint green, red, and black, each with captions and extensive explanations.</subfield></datafield><datafield tag="500" ind1=" " ind2=" "><subfield code="a">Script: Naskh ; angular Egyptian [?] hand in a medium line ; partially (and irregularly) seriffed with right-sloping head-serifs on mainly free-standing alif and lām, slight efefct of tilt to the left, elongation of horizontal strokes, pointing in distinct dots, etc.</subfield></datafield><datafield tag="500" ind1=" " ind2=" "><subfield code="a">Layout: Written in 29 lines per page ; frame-ruled.</subfield></datafield><datafield tag="500" ind1=" " ind2=" "><subfield code="a">Collation: 2 IV(16), V (26), IV+1 (35), 8 V(115), V+2 (127), 7 V(197), IV (205), 16 V(365), IV (373) ; chiefly quinions ; catchwords present ; foliation in pencil, Hindu-Arabic numerals, on verso of each leaf through ٢٣ ; pagination in pencil, Western numerals, supplied during digitization (skips from p.277 to p.378, thereafter off by 100 pages) ; as suggested by foliation skips from 6 to 19 with one leaf left unfoliated, as well as a gap in the text and mismatched catchwords, roughly 12 leaves missing between pp.14-15 ; catchwords on p.13 and 14 have been covered, likely in a deliberate attempt to make mismatch and missing leaves less obvious.</subfield></datafield><datafield tag="500" ind1=" " ind2=" "><subfield code="a">Colophon: "Authorial," triangular, reads "قال المؤلف رحمه الله تعالى لهذا الكتاب شيخ الطائفة والحقيقة القطب الرباني والفرد الصمداني الشيخ عبد الوهاب الشعراني وواقف فراغه منه في سلخ شهر رمضان المعظم سنة ست وستين وتسعمائة بمصر المحروسة"</subfield></datafield><datafield tag="500" ind1=" " ind2=" "><subfield code="a">Explicit: "واستمع يا اخي مصحي وامعن النظر فيه والزم الادب مع سائر الائمة المجتهدين ليأخذوا بيدك في هوال يوم الدين والحمد لله رب العالمين وصلى الله على سيدنا محمد وعلى اله وصحبه اجمعين وحسبنا الله ونعم الوكيل ولا حول ولا قوة الا بالله العلي العظيم"</subfield></datafield><datafield tag="500" ind1=" " ind2=" "><subfield code="a">Incipit: "الحمد لله رب العالمين الذي جعل الشريعة المطهرة بحرا يتفرع منه جميع بحار العلوم ... وبعد فهذه ميزان نفيسة عالية المقدار حاولت فيها ما بنموه [نحوه] يمكن الجمع بين الادلة المتغائرة في الظاهر وبين اقوال جميع المجتهدين ..."</subfield></datafield><datafield tag="500" ind1=" " ind2=" "><subfield code="a">Title from inscription on front flyleaf (p.1, now pasted to opening leaf over original 'title page').</subfield></datafield><datafield tag="500" ind1=" " ind2=" "><subfield code="a">Ms. codex.</subfield></datafield><datafield tag="510" ind1="4" ind2=" "><subfield code="a">Ḥājjī Khalīfah. Kashf al-ẓunūn,</subfield><subfield code="c">vi 285</subfield></datafield><datafield tag="510" ind1="4" ind2=" "><subfield code="a">Brockelmann, C. GAL,</subfield><subfield code="c">II 335-8 (no.7)</subfield></datafield><datafield tag="520" ind1="8" ind2=" "><subfield code="a">Fine early copy of al-Shaʻrānī's (d.1565) unabridged treatise on the four madhāhib, al-Mīzān al-kubrá.</subfield></datafield><datafield tag="538" ind1=" " ind2=" "><subfield code="a">Mode of access: Internet.</subfield></datafield><datafield tag="541" ind1=" " ind2=" "><subfield code="a">Acquired in 1926 from the bookseller Isaac Benjamin S.E. Yahuda via purchase transacted on his behalf by his younger brother, the famous Orientalist and manuscript collector Abraham Shalom Yahuda (1877-1951).</subfield></datafield><datafield tag="546" ind1=" " ind2=" "><subfield code="a">Arabic.</subfield></datafield><datafield tag="561" ind1=" " ind2=" "><subfield code="a">Kabīkaj invocation on upper board lining ("يا كبيكج احفظ") ; partially effaced ownership statement on 'front flyleaf' or effective 'title page' (p.1, now affixed to opening leaf, obscuring original 'title page') reads "ملك السيد عبده الاحمد الرؤف ..." [?] ; occasional marginal corrections, glosses and notabilia (side-heads) ; on p.846, inscription dated 15 Dhū al-Ḥijjah [?] 1193 [ca. 24 December 1779] carrying the shahādah and inscription providing death date for the author 5 Jumādá I 973 [ca. 28 November 1565] ; collation marks.</subfield></datafield><datafield tag="650" ind1=" " ind2="0"><subfield code="a">Manuscripts, Arabic</subfield><subfield code="z">Michigan</subfield><subfield code="z">Ann Arbor.</subfield></datafield><datafield tag="650" ind1=" " ind2="0"><subfield code="a">Islamic law</subfield><subfield code="x">Interpretation and construction</subfield><subfield code="v">Early works to 1800.</subfield></datafield><datafield tag="655" ind1=" " ind2="7"><subfield code="a">Headpiece (layout features)</subfield><subfield code="y">17th century.</subfield><subfield code="2">aat</subfield></datafield><datafield tag="773" ind1="0" ind2=" "><subfield code="a">Yahuda Collection.</subfield></datafield><datafield tag="880" ind1="1" ind2="0"><subfield code="6">245-03/</subfield><subfield code="a">كتاب ميزان الشريعة,</subfield><subfield code="f">[اواخر القرن 17م؟].</subfield></datafield><datafield tag="880" ind1="1" ind2="0"><subfield code="6">240-02/</subfield><subfield code="a">ميزان الكبرى</subfield></datafield><datafield tag="880" ind1="1" ind2=" "><subfield code="6">100-01/</subfield><subfield code="a">شعراني، عبد الوهاب بن احمد.</subfield></datafield><datafield tag="CID" ind1=" " ind2=" "><subfield code="a">006805272</subfield></datafield><datafield tag="DAT" ind1="0" ind2=" "><subfield code="a">20190719102637.0</subfield><subfield code="b">20190719000000.0</subfield></datafield><datafield tag="DAT" ind1="1" ind2=" "><subfield code="a">20190719090653.0</subfield><subfield code="b">2019-07-19T16:11:39Z</subfield></datafield><datafield tag="DAT" ind1="2" ind2=" "><subfield code="a">2015-10-02T18:00:03Z</subfield></datafield><datafield tag="CAT" ind1=" " ind2=" "><subfield code="a">SDR-MIU</subfield><subfield code="d">EX LIBRIS - ALEPH</subfield><subfield code="l">prepare.pl-004-008</subfield></datafield><datafield tag="FMT" ind1=" " ind2=" "><subfield code="a">BK</subfield></datafield><datafield tag="HOL" ind1=" " ind2=" "><subfield code="0">sdr-miu006805272</subfield><subfield code="a">MiU</subfield><subfield code="b">SDR</subfield><subfield code="c">MIU</subfield><subfield code="p">mdp.39015079127133</subfield><subfield code="s">MIU</subfield><subfield code="1">006805272</subfield></datafield><datafield tag="974" ind1=" " ind2=" "><subfield code="b">MIU</subfield><subfield code="c">MIU</subfield><subfield code="d">20190719</subfield><subfield code="s">lit-dlps-dc</subfield><subfield code="u">mdp.39015079127133</subfield><subfield code="y">1690</subfield><subfield code="r">pd</subfield><subfield code="q">bib</subfield><subfield code="t">non-US bib date2 &lt; 1879</subfield></datafield></record></collection>